
@article{selonen_transformations_2003,
	title = {Transformations {Between} {UML} {Diagrams}},
	volume = {14},
	copyright = {Access limited to members},
	issn = {1063-8016 DOI: 10.4018/jdm.2003070103},
	url = {https://www.igi-global.com/article/transformations-between-uml-diagrams/3298},
	doi = {10.4018/jdm.2003070103},
	abstract = {Transformations Between UML Diagrams: 10.4018/jdm.2003070103: The Unified Modeling Language (UML) provides various diagram types for describing a system from different perspectives or abstraction levels. Hence, UML},
	language = {en},
	number = {3},
	urldate = {2019-01-30},
	journal = {JDM},
	author = {Selonen, Petri and Koskimies, Kai and Sakkinen, Markku},
	month = jul,
	year = {2003},
	pages = {37--55},
	file = {Selonen et al. - 2003 - Transformations Between UML Diagrams.pdf:/data/docs/refman/storage/WQXPR4PF/Selonen et al. - 2003 - Transformations Between UML Diagrams.pdf:application/pdf;Snapshot:/data/docs/refman/storage/EVEAQRC9/3298.html:text/html}
}

@article{niaz_object-oriented_2005,
	title = {An {Object}-{Oriented} {Approach} to {Generate} {Java} {Code} from {UML} {Statecharts}},
	volume = {6},
	number = {2},
	journal = {International Journal of Computer \& Information Science},
	author = {Niaz, Iftikhar Azim and Tanaka, Jiro},
	year = {2005},
	pages = {83--98},
	file = {Niaz and Tanaka - 2005 - An Object-Oriented Approach to Generate Java Code .pdf:/data/docs/refman/storage/JQLIJASL/Niaz and Tanaka - 2005 - An Object-Oriented Approach to Generate Java Code .pdf:application/pdf}
}